<?xml version="1.0" encoding="UTF-8"?><collection xmlns="http://www.loc.gov/MARC21/slim"><record><leader>00414nam--2200133-i-4500</leader><controlfield tag="001">000048927</controlfield><controlfield tag="002">20161230</controlfield><controlfield tag="005">20161230201047</controlfield><controlfield tag="008">060222s1000------------r-----000-0-eng-d</controlfield><datafield ind1=" " ind2=" " tag="080"><subfield code="a">621.037.7</subfield></datafield><datafield ind1=" " ind2=" " tag="245"><subfield code="a">Radioactive-waste disposal in the ocean. recommendations of the national committee on radiation protection</subfield></datafield><datafield ind1=" " ind2=" " tag="260"><subfield code="a">Washington, U.S.Dept.Of Commerce, 1954, Iv+31p</subfield></datafield><datafield ind1=" " ind2=" " tag="490"><subfield code="a">N.B.S.Handbook</subfield></datafield><datafield ind1=" " ind2=" " tag="852"><subfield code="a">10801</subfield></datafield></record></collection>